
@book{ceph adoption, url={https://i2.wp.com/svbtleusercontent.com/mqwrzstn0uje0q.png?ssl=1}}

@phdthesis{weil2007ceph,
  title={Ceph: reliable, scalable, and high-performance distributed storage},
  author={Weil, Sage A},
  year={2007},
  school={University of California, Santa Cruz}
}

@misc{ceph releases (index) - ceph documentation, title={Ceph Releases (index)Â¶}, url={https://docs.ceph.com/en/latest/releases/}, journal={Ceph Releases (index) - Ceph Documentation}}